%%%% éQè∆ì_ê∂ê¨ %%%%%%%%%%%%%%%%%%
@inproceedings{takeuchi2020aconsideration,
  title={A Consideration on Many-Objective GP Applied with NSGA-III based on Uniformly Distributed Reference Points on the Unit Hypersphere},
  author={Takeuchi, Haruto and Shun-ya, Moriyasu and Ohki, Makoto},
  booktitle={Proc. of The 22nd IEEE Hiroshima Section Student Symposium},
  year={2020}
}


%Simplex Lattice Design=======
%Lattice
@article{scheffe1958experiments,
  title={Experiments with mixtures},
  author={Scheff{\'e}, Henry},
  journal={Journal of the Royal Statistical Society: Series B (Methodological)},  volume={20},
  number={2},
  pages={344--360},
  year={1958},
  publisher={Wiley Online Library}
}

%Centroid
@article{scheffe1963simplex,
  title={The simplex-centroid design for experiments with mixtures},
  author={Scheffe, Henry},
  journal={Journal of the Royal Statistical Society: Series B (Methodological)},
  volume={25},
  number={2},
  pages={235--251},
  year={1963},
  publisher={Wiley Online Library}
}

@book{cornell2011experiments,
  title={Experiments with mixtures: designs, models, and the analysis of mixture data},
  author={Cornell, John A},
  volume={403},
  year={2011},
  publisher={John Wiley \& Sons}
}

@misc{fangkaitai1994number,
  title={Number-TheoreticMethodsinStatistics},
  author={FANGKaitai, WANGYuan},
  year={1994},
  publisher={London: ChapmanandHall}
}

%GA=======================

@article{goldberg1989genetic,
  title={Genetic algorithms in optimization, search and machine learning},
  author={Goldberg, David},
  journal={Reading: Addison-Wesley},
  year={1989}
}

@inproceedings{mitchell1996evolving,
  title={Evolving cellular automata with genetic algorithms: A review of recent work},
  author={Mitchell, Melanie and Crutchfield, James P and Das, Rajarshi and others},
  booktitle={Proceedings of the First International Conference on Evolutionary Computation and Its Applications (EvCAÅf96)},
  volume={8},
  year={1996},
  organization={Moscow}
}

%NSP===================

@article{goto1993application,
  title={Application of GA, neural network and AI to planning problems},
  author={Goto, T and Aze, H and Yamagishi, M and Hirota, M and Fujii, S},
  journal={NHK Technical report},
  number={144},
  pages={78--85},
  year={1993}
}

@article{berrada1996multi,
  title={A multi-objective approach to nurse scheduling with both hard and soft constraints},
  author={Berrada, Ilham and Ferland, Jacques A and Michelon, Philippe},
  journal={Socio-Economic Planning Sciences},
  volume={30},
  number={3},
  pages={183--193},
  year={1996},
  publisher={Elsevier}
}

@article{ohki2012nurse,
  title={Nurse scheduling by cooperative GA with effective mutation operator},
  author={Ohki, Makoto},
  journal={IEICE TRANSACTIONS on Information and Systems},
  volume={95},
  number={7},
  pages={1830--1838},
  year={2012},
  publisher={The Institute of Electronics, Information and Communication Engineers}
}

@inproceedings{ikegami2001algorithms,
  title={Algorithms for nurse scheduling},
  author={Ikegami, A},
  booktitle={Proc. of 11th Intelligent System Symposium},
  pages={477--480},
  year={2001}
}

@article{burke2001memetic,
  title={A memetic approach to the nurse rostering problem},
  author={Burke, Edmund and Cowling, Peter and De Causmaecker, Patrick and Berghe, Greet Vanden},
  journal={Applied intelligence},
  volume={15},
  number={3},
  pages={199--214},
  year={2001},
  publisher={Springer}
}

@inproceedings{burke2001fitness,
  title={Fitness evaluation for nurse scheduling problems},
  author={Burke, Edmund K and De Causmaecker, Patrick and Petrovic, Sanja and Berghe, G Vanden},
  booktitle={Evolutionary Computation, 2001. Proceedings of the 2001 Congress on},
  volume={2},
  pages={1139--1146},
  year={2001},
  organization={IEEE}
}

@article{burke2004state,
  title={The state of the art of nurse rostering},
  author={Burke, Edmund K and De Causmaecker, Patrick and Berghe, Greet Vanden and Van Landeghem, Hendrik},
  journal={Journal of scheduling},
  volume={7},
  number={6},
  pages={441--499},
  year={2004},
  publisher={Kluwer Academic Publishers}
}

@article{burke2006metaheuristics,
  title={Metaheuristics for handling time interval coverage constraints in nurse scheduling},
  author={Burke, Edmund K and Causmaecker, Patrick De and Petrovic, Sanja and Berghe, Greet Vanden},
  journal={Applied Artificial Intelligence},
  volume={20},
  number={9},
  pages={743--766},
  year={2006},
  publisher={Taylor \& Francis}
}

@article{kawanaka2002automatic,
  title={Automatic generation of nurse scheduling table using genetic algorithm},
  author={Kawanaka, Hiroharu and Yamamoto, Kosuke and Yoshikawa, Tomohiro and Shinogi, Tsuyoshi and Tsuruoka, Shinji},
  journal={IEEJ Transactions on Electronics, Information and Systems},
  volume={122},
  number={6},
  pages={1023--1032},
  year={2002},
  publisher={The Institute of Electrical Engineers of Japan}
}

@article{inoue2002study,
  title={A study on interactive nurse scheduling support system using bacterial evolutionary algorithm engine},
  author={Inoue, Takeshi and Furuhashi, Takeshi and Maeda, Hiroshi and Takaba, Minoru},
  journal={IEEJ Transactions on Electronics, Information and Systems},
  volume={122},
  number={10},
  pages={1803--1811},
  year={2002},
  publisher={The Institute of Electrical Engineers of Japan}
}

@inproceedings{itoga2003improvement,
  title={An improvement on search efficiency of cooperative GA and application on nurse scheduling problem},
  author={Itoga, T and Taniguchi, N and Hoshino, Y and Kamei, K},
  booktitle={Proc. of 12th Intelligent System Symposium},
  pages={146--149},
  year={2003}
}

@article{cheang2003nurse,
  title={Nurse rostering problems----a bibliographic survey},
  author={Cheang, Brenda and Li, Haibing and Lim, Andrew and Rodrigues, Brian},
  journal={European Journal of Operational Research},
  volume={151},
  number={3},
  pages={447--460},
  year={2003},
  publisher={Elsevier}
}

@article{ernst2004annotated,
  title={An annotated bibliography of personnel scheduling and rostering},
  author={Ernst, Andreas T and Jiang, Houyuan and Krishnamoorthy, Mohan and Owens, Bowie and Sier, David},
  journal={Annals of Operations Research},
  volume={127},
  number={1-4},
  pages={21--144},
  year={2004},
  publisher={Springer}
}

@article{de2004novel,
  title={Novel meta-heuristic approaches to nurse rostering problems in Belgian hospitals},
  author={De Causmaecker, Patrick and Berghe, Greet Vanden},
  year={2004}
}

@inproceedings{li2004application,
  title={The application of Bayesian optimization and classifier systems in nurse scheduling},
  author={Li, Jingpeng and Aickelin, Uwe},
  booktitle={International Conference on Parallel Problem Solving from Nature},
  pages={581--590},
  year={2004},
  organization={Springer}
}

@article{bard2005preference,
  title={Preference scheduling for nurses using column generation},
  author={Bard, Jonathan F and Purnomo, Hadi W},
  journal={European Journal of Operational Research},
  volume={164},
  number={2},
  pages={510--534},
  year={2005},
  publisher={Elsevier}
}

@inproceedings{ozcan2005memetic,
  title={Memetic algorithms for nurse rostering},
  author={{\"O}zcan, Ender},
  booktitle={International Symposium on Computer and Information Sciences},
  pages={482--492},
  year={2005},
  organization={Springer}
}

@inproceedings{ohki2006nurse,
  title={Nurse scheduling by using cooperative GA with efficient mutation and mountain-climbing operators},
  author={Ohki, Makoto and Morimoto, Akio and Miyake, Kosuke},
  booktitle={Intelligent Systems, 2006 3rd International IEEE Conference on},
  pages={164--169},
  year={2006},
  organization={IEEE}
}

@inproceedings{ohki2007effective,
  title={Effective genetic operators of cooperative genetic algorithm for nurse scheduling.},
  author={Ohki, Makoto and Uneme, Shin-ya and Hayashi, Shigeto and Ohkita, Masaaki},
  booktitle={ICINCO-ICSO},
  pages={347--350},
  year={2007}
}

@article{bard2007cyclic,
  title={Cyclic preference scheduling of nurses using a Lagrangian-based heuristic},
  author={Bard, Jonathan F and Purnomo, Hadi W},
  journal={Journal of Scheduling},
  volume={10},
  number={1},
  pages={5--23},
  year={2007},
  publisher={Springer}
}

@inproceedings{uneme2008nurse,
  title={Nurse Scheduling by Cooperative GA with Variable Mutation Operator.},
  author={Uneme, Shin-ya and Kawano, Hikaru and Ohki, Makoto},
  booktitle={ICEIS (2)},
  pages={249--252},
  year={2008}
}

@inproceedings{ohki2020effectiveness,
  title={Effectiveness of NSGA-II with Linearly Scheduled Pareto-Partial Dominance for Practical Many-Objecitve Nurse Scheduling},
  author={Ohki, Makoto},
  booktitle={2020 7th International Conference on Control, Decision and Information Technologies (CoDIT)},
  volume={1},
  pages={581--586},
  year={2020},
  organization={IEEE}
}

%====MOP=====NSGA-II, SPEA2==============
%SPEA
@article{zitzler1998evolutionary,
  title={An evolutionary algorithm for multiobjective optimization: The strength pareto approach},
  author={Zitzler, Eckart and Thiele, Lothar},
  journal={TIK-report},
  volume={43},
  year={1998},
  publisher={Computer Engineering and Networks Laboratory (TIK), Swiss Federal Institute~Åc}
}

%NSGA
@article{deb1999evolutionary,
  title={Evolutionary algorithms for multi-criterion optimization in engineering design},
  author={Deb, Kalyanmoy and others},
  journal={Evolutionary algorithms in engineering and computer science},
  volume={2},
  pages={135--161},
  year={1999},
  publisher={Citeseer}
}

@article{zitzler2001spea2,
  title={SPEA2: Improving the strength Pareto evolutionary algorithm},
  author={Zitzler, Eckart and Laumanns, Marco and Thiele, Lothar},
  journal={TIK-report},
  volume={103},
  year={2001},
  publisher={Eidgen{\"o}ssische Technische Hochschule Z{\"u}rich (ETH), Institut f{\"u}r Technische Informatik und Kommunikationsnetze (TIK)}
}

@inproceedings{kim2004spea2+,
  title={SPEA2+: Improving the performance of the strength Pareto evolutionary algorithm 2},
  author={Kim, Mifa and Hiroyasu, Tomoyuki and Miki, Mitsunori and Watanabe, Shinya},
  booktitle={International Conference on Parallel Problem Solving from Nature},
  pages={742--751},
  year={2004},
  organization={Springer}
}

@inproceedings{ohki2018LSSS,
  title={Linear Subset Scheduling for Many-objective Optimization using NSGA-II based on Pareto Partial Dominance},
  author={Ohki, Makoto},
  booktitle={15th International Conference on Informatics in Control, Automation and Robotics},
  volume={1},
  pages={277--283},
  year={2018},
  organization={INSTIC}
}

@inproceedings{deb2000fast,
  title={A fast elitist non-dominated sorting genetic algorithm for multi-objective optimization: NSGA-II},
  author={Deb, Kalyanmoy and Agrawal, Samir and Pratap, Amrit and Meyarivan, Tanaka},
  booktitle={International Conference on Parallel Problem Solving From Nature},
  pages={849--858},
  year={2000},
  organization={Springer}
}

@book{deb2001multi,
  title={Multi-objective optimization using evolutionary algorithms},
  author={Deb, Kalyanmoy},
  volume={16},
  year={2001},
  publisher={John Wiley \& Sons}
}

@inproceedings{zitzler1998multiobjective,
  title={Multiobjective optimization using evolutionary algorithms comparative case study},
  author={Zitzler, Eckart and Thiele, Lothar},
  booktitle={international conference on parallel problem solving from nature},
  pages={292--301},
  year={1998},
  organization={Springer}
}

@book{zitzler1999evolutionary,
  title={Evolutionary algorithms for multiobjective optimization: Methods and applications},
  author={Zitzler, Eckart},
  volume={63},
  year={1999},
  publisher={Citeseer}
}

@inproceedings{sato2006effects,
  title={Effects of $\delta$-similar elimination and controlled elitism in the NSGA-II multiobjective evolutionary algorithm},
  author={Sato, Masahiko and Aguirre, Hern{\'a}n E and Tanaka, Kiyoshi},
  booktitle={Evolutionary Computation, 2006. CEC 2006. IEEE Congress on},
  pages={1164--1171},
  year={2006},
  organization={IEEE}
}


@book{coello2007evolutionary,
  title={Evolutionary algorithms for solving multi-objective problems},
  author={Coello, Carlos A Coello and Lamont, Gary B and Van Veldhuizen, David A and others},
  volume={5},
  year={2007},
  publisher={Springer}
}

@inproceedings{purshouse2003conflict,
  title={Conflict, harmony, and independence: Relationships in evolutionary multi-criterion optimisation},
  author={Purshouse, Robin C and Fleming, Peter J},
  booktitle={International Conference on Evolutionary Multi-Criterion Optimization},
  pages={16--30},
  year={2003},
  organization={Springer}
}

@inproceedings{hughes2005evolutionary,
  title={Evolutionary many-objective optimisation: many once or one many?},
  author={Hughes, Evan J},
  booktitle={Evolutionary Computation, 2005. The 2005 IEEE Congress on},
  volume={1},
  pages={222--227},
  year={2005},
  organization={IEEE}
}

@article{aguirre2007working,
  title={Working principles, behavior, and performance of MOEAs on MNK-landscapes},
  author={Aguirre, Hern{\'a}n E and Tanaka, Kiyoshi},
  journal={European Journal of Operational Research},
  volume={181},
  number={3},
  pages={1670--1690},
  year={2007},
  publisher={Elsevier}
}

@article{tsuchida2009analysis,
  title={Analysis of NSGA-II and NSGA-II with CDAS, and Proposal of an Enhanced CDAS Mechanism.},
  author={Tsuchida, Kyoko and Sato, Hiroyuki and Aguirre, Hern{\'a}n E and Tanaka, Kiyoshi},
  journal={JACIII},
  volume={13},
  number={4},
  pages={470--480},
  year={2009}
}


@incollection{brockhoff2006all,
  title={Are all objectives necessary? On dimensionality reduction in evolutionary multiobjective optimization},
  author={Brockhoff, Dimo and Zitzler, Eckart},
  booktitle={Parallel Problem Solving from Nature-PPSN IX},
  pages={533--542},
  year={2006},
  publisher={Springer}
}

@article{brockhoff2006dimensionality,
  title={Dimensionality reduction in multiobjective optimization with (partial) dominance structure preservation: Generalized minimum objective subset problems},
  author={Brockhoff, Dimo and Zitzler, Eckart},
  journal={TIK Report},
  volume={247},
  year={2006}
}

@inproceedings{batista2011pareto,
  title={Pareto cone $\varepsilon$-dominance: improving convergence and diversity in multiobjective evolutionary algorithms},
  author={Batista, Lucas S and Campelo, Felipe and Guimar{\~a}es, Frederico G and Ram{\'\i}rez, Jaime A},
  booktitle={International Conference on Evolutionary Multi-Criterion Optimization},
  pages={76--90},
  year={2011},
  organization={Springer}
}

@article{li2014shift,
  title={Shift-based density estimation for Pareto-based algorithms in many-objective optimization},
  author={Li, Miqing and Yang, Shengxiang and Liu, Xiaohui},
  journal={IEEE Transactions on Evolutionary Computation},
  volume={18},
  number={3},
  pages={348--365},
  year={2014},
  publisher={IEEE}
}

@article{li2018evolutionary,
  title={Evolutionary many-objective optimization: a comparative study of the state-of-the-art},
  author={Li, Kaiwen and Wang, Rui and Zhang, Tao and Ishibuchi, Hisao},
  journal={IEEE Access},
  year={2018},
  publisher={IEEE}
}

@ARTICLE{li2018multiline, 
   author={M. Li and C. Grosan and S. Yang and X. Liu and X. Yao}, 
   journal={IEEE Transactions on Evolutionary Computation}, 
   title={Multiline Distance Minimization: A Visualized Many-Objective Test Problem Suite}, 
   year={2018}, 
   volume={22}, 
   number={1}, 
   pages={61-78}, 
   doi={10.1109/TEVC.2017.2655451}, 
   ISSN={1089-778X}, 
   month={Feb},
}

@article{Li2018EvolutionaryMO,
  title={Evolutionary Many-Objective Optimization: A Comparative Study of the State-of-the-Art},
  author={Kaiwen Li and Rui Wang and Tao Zhang and Hisao Ishibuchi},
  journal={IEEE Access},
  year={2018},
  volume={6},
  pages={26194-26214}
}

@article{li2017read,
  title={How to Read Many-Objective Solution Sets in Parallel Coordinates [Educational Forum]},
  author={Li, Miqing and Zhen, Liangli and Yao, Xin},
  journal={IEEE Computational Intelligence Magazine},
  volume={12},
  number={4},
  pages={88--100},
  year={2017},
  publisher={IEEE}
}

@article{zitzler1999multiobjective,
  title={Multiobjective evolutionary algorithms: a comparative case study and the strength Pareto approach},
  author={Zitzler, Eckart and Thiele, Lothar},
  journal={IEEE transactions on Evolutionary Computation},
  volume={3},
  number={4},
  pages={257--271},
  year={1999},
  publisher={IEEE}
}

@article{li2014diversity, 
  author={M. Li and S. Yang and X. Liu}, 
  journal={IEEE Transactions on Cybernetics}, 
  title={Diversity Comparison of Pareto Front Approximations in Many-Objective Optimization}, 
  year={2014}, 
  volume={44}, 
  number={12}, 
  pages={2568-2584}, 
  doi={10.1109/TCYB.2014.2310651}, 
  ISSN={2168-2267}, 
  month={Dec},
}

%GP================================
@inproceedings{ohki2020verification,
  title={Verification of Applicability of MOEAs to Many-Objective GP Problem},
  author={Ohki, Makoto},
  booktitle={2020 7th International Conference on Control, Decision and Information Technologies (CoDIT)},
  volume={1},
  pages={837--842},
  year={2020},
  organization={IEEE}
}

@inproceedings{ohki2020benchmark,
  title={A benchmark with facile adjustment of difficulty for many-objective genetic programming and its reference set},
  author={Ohki, Makoto},
  booktitle={Proceedings of the 2020 Genetic and Evolutionary Computation Conference Companion},
  pages={1915--1922},
  year={2020}
}

@article{koza1994genetic,
  title={Genetic programming as a means for programming computers by natural selection},
  author={Koza, John R},
  journal={Statistics and computing},
  volume={4},
  number={2},
  pages={87--112},
  year={1994},
  publisher={Springer}
}

@book{koza1992genetic,
  title={Genetic Programming II, Automatic Discovery of Reusable Subprograms},
  author={Koza, John R},
  year={1992},
  publisher={MIT Press, Cambridge, MA}
}

%====GP=====bloat=================
@article{trujillo2016neat,
  title={neat genetic programming: Controlling bloat naturally},
  author={Trujillo, Leonardo and Mu{\~n}oz, Luis and Galv{\'a}n-L{\'o}pez, Edgar and Silva, Sara},
  journal={Information Sciences},
  volume={333},
  pages={21--43},
  year={2016},
  publisher={Elsevier}
}

@inproceedings{doerr2017bounding,
  title={Bounding bloat in genetic programming},
  author={Doerr, Benjamin and K{\"o}tzing, Timo and Lagodzinski, JA Gregor and Lengler, Johannes},
  booktitle={Proceedings of the Genetic and Evolutionary Computation Conference},
  pages={921--928},
  year={2017}
}

@article{juarez2019local,
  title={Local search in speciation-based bloat control for genetic programming},
  author={Ju{\'a}rez-Smith, Perla and Trujillo, Leonardo and Garc{\'\i}a-Valdez, Mario and de Vega, Francisco Fern{\'a}ndez and Ch{\'a}vez, Francisco},
  journal={Genetic Programming and Evolvable Machines},
  volume={20},
  number={3},
  pages={351--384},
  year={2019},
  publisher={Springer}
}
@inproceedings{poli2008impact,
  title={The impact of population size on code growth in GP: analysis and empirical validation},
  author={Poli, Riccardo and McPhee, Nicholas Freitag and Vanneschi, Leonardo},
  booktitle={Proceedings of the 10th annual conference on Genetic and evolutionary computation},
  pages={1275--1282},
  year={2008},
  organization={ACM}
}

@inproceedings{ito1998non,
  title={Non-destructive depth-dependent crossover for genetic programming},
  author={Ito, Takuya and Iba, Hitoshi and Sato, Satoshi},
  booktitle={European Conference on Genetic Programming},
  pages={71--82},
  year={1998},
  organization={Springer}
}

@article{nordin1995explicitly,
  title={Explicitly defined introns and destructive crossover in genetic programming},
  author={Nordin, Peter and Francone, Frank and Banzhaf, Wolfgang},
  journal={Advances in genetic programming},
  volume={2},
  pages={111--134},
  year={1995},
  publisher={Citeseer}
}

@inproceedings{angeline1998subtree,
  title={Subtree crossover causes bloat},
  author={Angeline, Peter J},
  booktitle={Genetic Programming 1998: Proc. 3rd Annual Conference},
  year={1998},
  organization={Morgan Kaufmann}
}

@inproceedings{poli1998search,
    author={Poli, Riccardo and Langdon, William B},
    title = {On the Search Properties of Different Crossover Operators in Genetic Programming},
    booktitle = {University of Wisconsin},
    year = {1998},
    pages = {293--301},
    publisher = {Morgan Kaufmann}
}

@article{langdon2000size,
  title={Size fair and homologous tree crossovers for tree genetic programming},
  author={Langdon, William B.},
  journal={Genetic programming and evolvable machines},
  volume={1},
  number={1-2},
  pages={95--119},
  year={2000},
  publisher={Springer}
}

@article{langdon1999size,
  title={Size fair and homologous tree crossovers},
  author={Langdon, William B},
  year={1999},
  month = {05},
  publisher={Centrum voor Wiskunde en Informatica}
}

@inproceedings{francone1999homologous,
  title={Homologous crossover in genetic programming},
  author={Francone, Frank D and Conrads, Markus and Banzhaf, Wolfgang and Nordin, Peter},
  booktitle={Proceedings of the 1st Annual Conference on Genetic and Evolutionary Computation-Volume 2},
  pages={1021--1026},
  year={1999},
  organization={Morgan Kaufmann Publishers Inc.}
}

@article{angeline1997subtree,
  title={Subtree crossover: Building block engine or macromutation},
  author={Angeline, Peter J},
  journal={Genetic programming},
  volume={97},
  pages={9--17},
  year={1997}
}

@inproceedings{muhlenbein1996recombination,
  title={From recombination of genes to the estimation of distributions I. Binary parameters},
  author={M{\"u}hlenbein, Heinz and Paass, Gerhard},
  booktitle={International conference on parallel problem solving from nature},
  pages={178--187},
  year={1996},
  organization={Springer}
}

@inproceedings{de2001reducing,
  title={Reducing bloat and promoting diversity using multi-objective methods},
  author={De Jong, Edwin D and Watson, Richard A and Pollack, Jordan B},
  booktitle={Proceedings of the 3rd Annual Conference on Genetic and Evolutionary Computation},
  pages={11--18},
  year={2001},
  organization={Morgan Kaufmann Publishers Inc.}
}

@inproceedings{de1997mimic,
  title={MIMIC: Finding optima by estimating probability densities},
  author={De Bonet, Jeremy S and Isbell Jr, Charles Lee and Viola, Paul A},
  booktitle={Advances in neural information processing systems},
  pages={424--430},
  year={1997}
}

@inproceedings{ohki2018partialSampling,
  title={Partial Sampling Operator and Structural Distance Ranking for Multi-Objective GP},
  author={Ohki, Makoto},
  booktitle={2018 International Conference on Computer and Applications (ICCA)},  pages={265--270},
  year={2018}
}

@inproceedings{ohki2019effective,
  title={An Effective Many-Objective Extension of Genetic Programming and Its Benchmark},
  author={Ohki, Makoto},
  booktitle={2019 First International Conference on Digital Data Processing (DDP)},
  pages={92--96},
  year={2019},
  organization={IEEE}
}

@article{ohki2019multi,
  title={Multi-objective genetic programming with partial sampling and its extension to many-objective},
  author={Ohki, Makoto},
  journal={SN Applied Sciences},
  volume={1},
  number={3},
  pages={207},
  year={2019},
  publisher={Springer}
}

@phdthesis{karger1995random,
  title={Random sampling in graph optimization problems},
  author={Karger, David},
  year={1995},
  school={stanford university}
}

%====GP intron============
@article{bhardwaj2019classification,
  title={Classification of electroencephalogram signal for the detection of epilepsy using Innovative Genetic Programming},
  author={Bhardwaj, Harshit and Sakalle, Aditi and Bhardwaj, Arpit and Tiwari, Aruna},
  journal={Expert Systems},
  volume={36},
  number={1},
  pages={e12338},
  year={2019},
  publisher={Wiley Online Library}
}

%=====GP==========Double-Spiral Problem==========

@inproceedings{yang2000evolutionary,
  title={An evolutionary algorithm to training neural networks for a two-spiral problem},
  author={Yang, Jinn-Moon and Kao, Cheng-Yan},
  booktitle={Proceedings of the 2nd Annual Conference on Genetic and Evolutionary Computation},
  pages={1025--1032},
  year={2000}
}

@inproceedings{sawada2003structured,
  title={Structured Evolution Strategy for Optimization Problems Using Multi-Objective Methods},
  author={Sawada, Kenji and Kano, H},
  booktitle={Proceedings of the 30th Symposium, Soc. of Instrument and Control Eng., Mar., 2003},
  pages={1--6},
  year={2003},
  organization={Society of Instrument and Control Engineering}
}

@article{david2017program,
  title={Program synthesis: challenges and opportunities},
  author={David, Cristina and Kroening, Daniel},
  journal={Phil. Trans. R. Soc. A},
  volume={375},
  number={2104},
  pages={20150403},
  year={2017},
  publisher={The Royal Society}
}

@article{ohmoto2013consideration,
  title={A Consideration on relationship between optimizing interval and dealing day in optimization of stock day trading rules},
  author={Ohmoto, Shingo and Takehana, Yoshiki and Ohki, Makoto},
  journal={IEICE technical report},
  volume={113},
  number={2103},
  pages={67--70},
  year={2013},
  publisher={The Institute of Electronics, Information and Communication Engineers}
}

%========Jamali==========
@article{jamali2017multi,
  title={Multi-objective genetic programming approach for robust modeling of complex manufacturing processes having probabilistic uncertainty in experimental data},
  author={Jamali, Ali and Khaleghi, E and Gholaminezhad, I and Nariman-Zadeh, Nader and Gholaminia, B and Jamal-Omidi, A},
  journal={Journal of Intelligent Manufacturing},
  volume={28},
  number={1},
  pages={149--163},
  year={2017},
  publisher={Springer}
}

@article{jamali2016modelling,
  title={Modelling and prediction of complex non-linear processes by using Pareto multi-objective genetic programming},
  author={Jamali, Ali and Khaleghi, E and Gholaminezhad, I and Nariman-Zadeh, Nader},
  journal={International Journal of Systems Science},
  volume={47},
  number={7},
  pages={1675--1688},
  year={2016},
  publisher={Taylor \& Francis}
}

@article{assimi2018hybrid,
  title={A hybrid algorithm coupling genetic programming and Nelder--Mead for topology and size optimization of trusses with static and dynamic constraints},
  author={Assimi, Hirad and Jamali, Ali},
  journal={Expert Systems with Applications},
  volume={95},
  pages={127--141},
  year={2018},
  publisher={Elsevier}
}

%========PSO==========

@inproceedings{kenny1995particle,
  title={Particle swarm optimization},
  author={Kenny, J},
  booktitle={Proc. 1995 IEEE Int. Conf. Neural Networks},
  pages={1942--1948},
  year={1995}
}


%========PPD===========
@article{sato2010effects,
  title={Effects of MOEA temporally switching Pareto partial dominance on many-objective 0/1 knapsack problems},
  author={Sato, Hiroyuki and Aguirre, Hern{\'a}n E and Kiyoshi, Tanaka},
  journal={Transactions of the Japanese Society for Artificial Intelligence},
  volume={25},
  pages={320--331},
  year={2010}
}

@inproceedings{ishibuchi2019evolutionary,
  title={Evolutionary many-objective optimization},
  author={Ishibuchi, Hisao and Sato, Hiroyuki},
  booktitle={Proceedings of the Genetic and Evolutionary Computation Conference Companion},
  pages={614--661},
  year={2019}
}

@article{sato2013variable,
  title={Variable space diversity, crossover and mutation in MOEA solving many-objective knapsack problems},
  author={Sato, Hiroyuki and Aguirre, Hern{\'a}n and Tanaka, Kiyoshi},
  journal={Annals of Mathematics and Artificial Intelligence},
  volume={68},
  number={4},
  pages={197--224},
  year={2013},
  publisher={Springer}
}

@article{sato2017pareto,
  title={Pareto frontier exploration in multiobjective topology optimization using adaptive weighting and point selection schemes},
  author={Sato, Yuki and Izui, Kazuhiro and Yamada, Takayuki and Nishiwaki, Shinji},
  journal={Structural and Multidisciplinary Optimization},
  volume={55},
  number={2},
  pages={409--422},
  year={2017},
  publisher={Springer}
}

%=========MOEA/D=======

@article{zhang2007moea,
  title={MOEA/D: A multiobjective evolutionary algorithm based on decomposition},
  author={Zhang, Qingfu and Li, Hui},
  journal={IEEE Transactions on evolutionary computation},
  volume={11},
  number={6},
  pages={712--731},
  year={2007},
  publisher={IEEE}
}

@article{li2008multiobjective,
  title={Multiobjective optimization problems with complicated Pareto sets, MOEA/D and NSGA-II},
  author={Li, Hui and Zhang, Qingfu},
  journal={IEEE transactions on evolutionary computation},
  volume={13},
  number={2},
  pages={284--302},
  year={2008},
  publisher={IEEE}
}

@article{zhang2009expensive,
  title={Expensive multiobjective optimization by MOEA/D with Gaussian process model},
  author={Zhang, Qingfu and Liu, Wudong and Tsang, Edward and Virginas, Botond},
  journal={IEEE Transactions on Evolutionary Computation},
  volume={14},
  number={3},
  pages={456--474},
  year={2009},
  publisher={IEEE}
}

@article{tan2013moea,
  title={MOEA/D+ uniform design: A new version of MOEA/D for optimization problems with many objectives},
  author={Tan, Yan-Yan and Jiao, Yong-Chang and Li, Hong and Wang, Xin-Kuan},
  journal={Computers \& Operations Research},
  volume={40},
  number={6},
  pages={1648--1660},
  year={2013},
  publisher={Elsevier}
}

@article{qi2014moea,
  title={MOEA/D with adaptive weight adjustment},
  author={Qi, Yutao and Ma, Xiaoliang and Liu, Fang and Jiao, Licheng and Sun, Jianyong and Wu, Jianshe},
  journal={Evolutionary computation},
  volume={22},
  number={2},
  pages={231--264},
  year={2014},
  publisher={MIT Press}
}

@article{zhang2016modified,
  title={A modified MOEA/D approach to the solution of multi-objective optimal power flow problem},
  author={Zhang, Jingrui and Tang, Qinghui and Li, Po and Deng, Daxiang and Chen, Yalin},
  journal={Applied Soft Computing},
  volume={47},
  pages={494--514},
  year={2016},
  publisher={Elsevier}
}

@article{ho2018improved,
  title={An improved MOEA/D algorithm for bi-objective optimization problems with complex Pareto fronts and its application to structural optimization},
  author={Ho-Huu, Vinh and Hartjes, Sander and Visser, Hendrikus G and Curran, Ricky},
  journal={Expert Systems with Applications},
  volume={92},
  pages={430--446},
  year={2018},
  publisher={Elsevier}
}

%============NSGA-III=============
@article{deb2013evolutionary,
  title={An evolutionary many-objective optimization algorithm using reference-point-based nondominated sorting approach, part I: solving problems with box constraints},
  author={Deb, Kalyanmoy and Jain, Himanshu},
  journal={IEEE transactions on evolutionary computation},
  volume={18},
  number={4},
  pages={577--601},
  year={2013},
  publisher={IEEE}
}

@article{jain2013evolutionary,
  title={An evolutionary many-objective optimization algorithm using reference-point based nondominated sorting approach, part II: handling constraints and extending to an adaptive approach},
  author={Jain, Himanshu and Deb, Kalyanmoy},
  journal={IEEE Transactions on evolutionary computation},
  volume={18},
  number={4},
  pages={602--622},
  year={2013},
  publisher={IEEE}
}

@article{yi2018improved,
  title={An improved NSGA-III algorithm with adaptive mutation operator for Big Data optimization problems},
  author={Yi, Jiao-Hong and Deb, Suash and Dong, Junyu and Alavi, Amir H and Wang, Gai-Ge},
  journal={Future Generation Computer Systems},
  volume={88},
  pages={571--585},
  year={2018},
  publisher={Elsevier}
}

@article{li2019comparison,
  title={Comparison between MOEA/D and NSGA-III on a set of novel many and multi-objective benchmark problems with challenging difficulties},
  author={Li, Hui and Deb, Kalyanmoy and Zhang, Qingfu and Suganthan, PN and Chen, Lei},
  journal={Swarm and Evolutionary Computation},
  volume={46},
  pages={104--117},
  year={2019},
  publisher={Elsevier}
}

@article{li2019multi,
  title={Multi-objective optimization design of anti-rolling torsion bar based on modified NSGA-III algorithm},
  author={Li, Yong-Hua and Sheng, Ziqiang and Zhi, Pengpeng and Li, Dongming},
  journal={International Journal of Structural Integrity},
  year={2019},
  publisher={Emerald Publishing Limited}
}

@article{cao2020many,
  title={Many-objective optimization of technology implementation in the industrial symbiosis system based on a modified NSGA-III},
  author={Cao, Xin and Wen, Zongguo and Xu, Jinjing and De Clercq, Djavan and Wang, Yihan and Tao, Yuan},
  journal={Journal of Cleaner Production},
  volume={245},
  pages={118810},
  year={2020},
  publisher={Elsevier}
}


%======misc=======
@article{anshory2019system,
  title={System Identification of BLDC Motor and Optimization Speed Control Using Artificial Intelligent},
  author={Anshory, Izza and Robandi, Imam and Ohki, Makoto and others},
  journal={International Journal of Civil Engineering and Technology},
  volume={10},
  number={7},
  year={2019}
}

%======IGD==========
@article{bosman2003balance,
  title={The balance between proximity and diversity in multiobjective evolutionary algorithms},
  author={Bosman, Peter AN and Thierens, Dirk},
  journal={IEEE transactions on evolutionary computation},
  volume={7},
  number={2},
  pages={174--188},
  year={2003},
  publisher={IEEE}
}

@article{ishibuchi2003balance,
  title={Balance between genetic search and local search in memetic algorithms for multiobjective permutation flowshop scheduling},
  author={Ishibuchi, Hisao and Yoshida, Tadashi and Murata, Tadahiko},
  journal={IEEE transactions on evolutionary computation},
  volume={7},
  number={2},
  pages={204--223},
  year={2003},
  publisher={IEEE}
}

@inproceedings{coello2004study,
  title={A study of the parallelization of a coevolutionary multi-objective evolutionary algorithm},
  author={Coello, Carlos A Coello and Sierra, Margarita Reyes},
  booktitle={Mexican International Conference on Artificial Intelligence},
  pages={688--697},
  year={2004},
  organization={Springer}
}

@article{sierra2004new,
  title={A new multi-objective particle swarm optimizer with improved selection and diversity mechanisms},
  author={Sierra, Margarita R and Coello, Carlos A Coello},
  journal={Technical Report of CINVESTAV-IPN},
  year={2004}
}

@inproceedings{sato2004local,
  title={Local dominance using polar coordinates to enhance multiobjective evolutionary algorithms},
  author={Sato, Hiroyuki and Aguirre, Hern{\'a}n E and Tanaka, Kiyoshi},
  booktitle={Proceedings of the 2004 Congress on Evolutionary Computation (IEEE Cat. No. 04TH8753)},
  volume={1},
  pages={188--195},
  year={2004},
  organization={IEEE}
}

%%% IGD+
@inproceedings{ishibuchi2015study,
  title={A study on performance evaluation ability of a modified inverted generational distance indicator},
  author={Ishibuchi, Hisao and Masuda, Hiroyuki and Nojima, Yusuke},
  booktitle={Proceedings of the 2015 Annual Conference on Genetic and Evolutionary Computation},
  pages={695--702},
  year={2015}
}

%%%%%%%%%%%%%%%%%%%%%%%%%%%%%%%%%

@article{sun2018igd,
  title={IGD indicator-based evolutionary algorithm for many-objective optimization problems},
  author={Sun, Yanan and Yen, Gary G and Yi, Zhang},
  journal={IEEE Transactions on Evolutionary Computation},
  volume={23},
  number={2},
  pages={173--187},
  year={2018},
  publisher={IEEE}
}

%%%%%%%%%%%%%%%%%% PCI %%%%%%%%%%
@inproceedings{li2015performance,
  title={A performance comparison indicator for Pareto front approximations in many-objective optimization},
  author={Li, Miqing and Yang, Shengxiang and Liu, Xiaohui},
  booktitle={Proceedings of the 2015 Annual Conference on Genetic and Evolutionary Computation},
  pages={703--710},
  year={2015}
}

